@article{2010_Chen,
	author = "Chen, C. and Farmer, A.D. and Langley, R.J. and Mudge, J. and Crow, J.A. and May, G.D. and Huntley, J. and Smith, A.G. and Retzel, E.F.",
	year = "2010",
	title = "{Meiosis-specific gene discovery in plants: RNA-Seq applied to isolated Arabidopsis male meiocytes}",
	journal = "BMC Plant Biology",
	volume = "10",
	number = "280"
}

@article{2013_Loraine,
	author = "Loraine, A.E. and McCormick, S. and Estrada, A. and Patel, K. and Peng, Q.",
	year = "2013",
	title = "{RNA-Seq or Arabidopsis Pollen Uncovers Novel Transcription and Alternative Splicing}",
	journal = "Plant Physiology",
	volume = "162",
	number = "2",
	pages = "1092--1109"
}

@article{2013_Takeo,
	author = "Takeo, S. and Kawahara-Miki, R. and Goto, H. and Cao, F. and Kimura, K. and Monji, Y. and Kuwayama, T. and Iwata, H.",
	year = "2013",
	title = "{Age-associated changes in gene expression and developmental competence of bovine oocytes, and a possible countermeasure against age-associated events}",
	journal = "Molecular Reproduction and Development",
	volume = "80",
	number = "7",
	pages = "508--521"
}

@article{2013_Ramaswami,
	author = "Ramaswami, G. and Zhang, R. and Piskol, R. and Keegan, L.P. and Deng, P. and O'Connell, M.A. and Li, J.B.",
	year = "2013",
	title = "{Identifying RNA editing sites using RNA sequencing data alone}",
	journal = "Nature Methods",
	volume = "10",
	number = "2",
	pages = "128--132"
}

@article{2014_Ku,
	author = "Ku, Y.C. and Renaud, N.A. and Veile, R.A. and Helms, C. and Voelker, C.C. and Warchol, M.E. and Lovett, M.",
	year = "2014",
	title = "{The transcriptome of utricle hair cell regeneration in the avian inner ear}",
	journal = "The Journal of Neuroscience",
	volume = "34",
	number = "10",
	pages = "3523--3535"
}

@article{2014_Washburn,
	author = "Washburn, M.C. and Kakaradov, B. and Sundararaman, B. and Wheeler, E. and Hoon, S. and Yeo, G.W. and Hundley H.A.",
	year = "2014",
	title = "{The dsRBP and inactive editor ADR-1 utilizes dsRNA binding to regulate A-to-I RNA editing across the C. elegans transcriptome}",
	journal = "Cell Reports",
	volume = "6",
	number = "4",
	pages = "599--607"
}

@article{2011_Odawara,
	author = "Odawara, J. and Harada, A. and Yoshimi, T. and Maehara, K. and Tachibana, T. and Okada, S. and Akashi, K. and Ohkawa, Y.",
	year = "2011",
	title = "{The classification of mRNA expression levels by the phosphorylation state of RNAPII CTD based on a combined genome-wide approach}",
	journal = "BMC Genomics",
	volume = "12",
	number = "516",
	pages = ""
}


@article{2014_Yukawa,
	author = "Yukawa, M. and Akiyama, T. and Franke, V. and Mise, N. and Isagawa, T. and Suzuki, Y. and Suzuki, M.G. and Vlahovicek, K. and Abe, K. and Aburatani, H. and Aoki, F.",
	year = "2014",
	title = "{Genome-Wide Analysis of the Chromatin Composition of Histone H2A and H3 Variants in Mouse Embryonic Stem Cells}",
	journal = "PLOS ONE",
	volume = "9",
	number = "3",
	pages = "e92689"
}

@article{2014_Cortez,
	author = "Cortez, D. and Marin, R. and Toledo-Flores, D. and Froidevaux, L. and Liechti, A. and Waters, P.D. and Gruetzner, F. and Kaessmann, H.",
	year = "2014",
	title = "{Origins and functional evolution of Y chromosomes across mammals}",
	journal = "Nature",
	volume = "508",
	number = "7497",
	pages = "488--493"
}

@article{UNKNOWN,
	author = "unknown",
	year = "0000",
	title = "{unknown}",
	journal = "unknown",
	volume = "0",
	number = "0",
	pages = "0--0"
}

@article{2013_Kim,
	author = "Kim, D. and Pertea, G. and Trapnell, C. and Pimentel, H. and Kelley, R. and Salzberg, S.L.",
	year = "2013",
	title = "{TopHat2: accurate alignment of transcriptomes in the presence of insertions, deletions and gene fusions}",
	journal = "Genome Biology",
	volume = "14",
	number = "",
	pages = "R36"
}


@article{2013_Anderson,
	author = "Anderson, S.N. and Johnson, C.S. and Jones, D.S. and Conrad, L.J. and Gou, X. and Russell, S.D. and Sundaresan, V.",
	year = "2013",
	title = "{Transcriptomes of isolated Oryza sativa gametes characterized by deep sequencing: evidence for distinct sex-dependent chromatin and epigenetic states before fertilization}",
	journal = "The Plant Journal",
	volume = "76",
	number = "",
	pages = "729--741"
}

@article{2012_Langmead,
	author = "Langmead, B. and Salzberg, S.",
	year = "2012",
	title = "{Fast gapped-read alignment with Bowtie 2}",
	journal = "Nature Methods",
	volume = "9",
	number = "",
	pages = "357--359"
}

@article{2009_Li,
	author = "Li, H. and Handsaker, B. and Wysoker, A. and Fennell T. and Ruan, J. and Homer, N. and Marth, G. and Abecasis, G. and Durbin, R. and 1000 Genome Project Data Processing Subgroup",
	year = "2009",
	title = "{The Sequence alignment/map (SAM) format and SAMtools}",
	journal = "Bioinformatics",
	volume = "25",
	number = "",
	pages = "2078-2079"
}

@article{2011_Chung,
	author = "Chung, D. and Juan, P.F. and Li, B. and Sanalkumar, R. and Liang, K. and Bresnick, E.H. and Dewey, C. and Keles, S.",
	year = "2011",
	title = "{Discovering Transcription Factor Binding Sites in Highly Repetitive Regions of Genomes with Multi-Read Analysis of ChIP-Seq Data}",
	journal = "PLOS Computational Biology",
	volume = "7",
	number = "",
	pages = "e1002111"
}

@article{2013_Liao,
	author = "Liao, Y. and Smyth, G.K. and Shi, W.",
	year = "2013",
	title = "{The Subread aligner: fast, accurate and scalable read mapping by seed-and-vote}",
	journal = "Nucleic Acids Research",
	volume = "41",
	number = "",
	pages = "e108"
}

@article{2013_Dobin,
	author = "Dobin, A. and Davis, C.A. and Schlesinger, F. and Drenkow, J. and Zaleski, C. and Jha, S. and Batut, P. and Chaisson, M. and Gingeras, T.R.",
	year = "2013",
	title = "{STAR: ultrafast universal RNA-seq aligner}",
	journal = "Bioinformatics",
	volume = "29",
	number = "",
	pages = "15-21"
}



